<?xml version="1.0" encoding="UTF-8"?><collection xmlns="http://www.loc.gov/MARC21/slim"><record><leader>00449nam--2200133-i-4500</leader><controlfield tag="001">000031658</controlfield><controlfield tag="002">20161230</controlfield><controlfield tag="005">20170121232329</controlfield><controlfield tag="008">060222s1000------------r-----000-0-eng-d</controlfield><datafield ind1=" " ind2=" " tag="245"><subfield code="a">Macromolecular chemistry. Special lectures presented at the International Symposium on Macromolecular Chemistry held in Montreal, 27 July - 1 August, 1961</subfield></datafield><datafield ind1=" " ind2=" " tag="260"><subfield code="a">London</subfield><subfield code="b">Butterworths</subfield><subfield code="c">1962</subfield></datafield><datafield ind1=" " ind2=" " tag="300"><subfield code="a">199-540 p</subfield></datafield><datafield ind1=" " ind2=" " tag="852"><subfield code="a">18017</subfield></datafield><datafield ind1=" " ind2=" " tag="CAT"><subfield code="a">SYS</subfield><subfield code="c">20170121</subfield><subfield code="h">232329</subfield></datafield></record></collection>